@article{ueckermann_lermusiaux_JCP2016,
              author = {Ueckermann, M. P. and Lermusiaux, P. F. J.},
              title = {Hybridizable Discontinuous {G}alerkin Projection Methods for {N}avier--{S}tokes and {B}oussinesq Equations},
              journal = {Journal of Computational Physics},
              volume = {306},
              year = {2016},
              pages = {390--421},
              doi = {10.1016/j.jcp.2015.11.028}
}

@misc{quadpy,
    author = {Schloemer, Nico},
    title = {\texttt{quadpy}: numerical integration in Python},
    year = {2018},
    publisher = {GitHub},
    howpublished = \url{\texttt{https://github.com/nschloe/quadpy}}
}
